<?xml version="1.0" encoding="UTF-8"?><collection xmlns="http://www.loc.gov/MARC21/slim"><record><leader>00403nam--2200133-i-4500</leader><controlfield tag="001">000002726</controlfield><controlfield tag="002">20161230</controlfield><controlfield tag="005">20161230201025</controlfield><controlfield tag="008">060222s1000------------r-----000-0-eng-d</controlfield><datafield ind1=" " ind2=" " tag="245"><subfield code="a">Engineering developments in the gaseous diffus ion process</subfield></datafield><datafield ind1=" " ind2=" " tag="260"><subfield code="a">New York, Mcgraw-hill, 1949. Xx + 128 P</subfield></datafield><datafield ind1=" " ind2=" " tag="490"><subfield code="a">National Nuclear Energy Series</subfield></datafield><datafield ind1=" " ind2=" " tag="700"><subfield code="a">Benedict, Manson And Williams, Clarke</subfield></datafield><datafield ind1=" " ind2=" " tag="852"><subfield code="a">10715</subfield></datafield></record></collection>